[1] @article{Heath22072014,
author = {Heath, TA and Huelsenbeck, JP and Stadler, T}, 
title = {The fossilized birth–death process for coherent calibration of divergence-time estimates},
volume = {111}, 
number = {29}, 
pages = {E2957-E2966}, 
year = {2014}, 
doi = {10.1073/pnas.1319091111}, 
journal = {Proceedings of the National Academy of Sciences} 
}
 
[2] @article{Stadler2010396,
title = {Sampling-through-time in birth–death trees },
journal = {Journal of Theoretical Biology },
volume = {267},
number = {3},
pages = {396 - 404},
year = {2010},
note = {},
issn = {0022-5193},
doi = {http://dx.doi.org/10.1016/j.jtbi.2010.09.010},
author = {Stadler, T},
keywords = {Birth–death process},
keywords = {Sampling-through-time},
keywords = {Tree prior}
}

[3] @article{Didier201226,
title = {The reconstructed evolutionary process with the fossil record },
journal = {Journal of Theoretical Biology },
volume = {315},
number = {0},
pages = {26 - 37},
year = {2012},
note = {},
issn = {0022-5193},
doi = {http://dx.doi.org/10.1016/j.jtbi.2012.08.046},
author = {Didier, G and Royer-Carenzi, M and Laurin, M},
keywords = {Speciation–extinction process},
keywords = {Rate estimation},
keywords = {Fossil record}
}

@article{gavryushkina2015bayesian,
  title={Bayesian total evidence dating reveals the recent crown radiation of penguins},
  author={Gavryushkina, A and Heath, TA and Ksepka, DT and Stadler, T and Welch, D and Drummond, AJ},
  journal={arXiv preprint arXiv:1506.04797},
  year={2015}
}
[5] @article { ref87,
	title            = {A new species of the Cretaceous ant Zigrasimecia based on the worker caste reveals placement of the genus in the Sphecomyrminae (Hymenoptera: Formicidae)},
	year             = {2014},
	author           = {Perrichot, V},
	journal          = {Myrmecological News},
	volume           = {19},
	pages            = {165-169}
}


[6] @article { ref76,
	title            = {Ants and the fossil record},
	year             = {2013},
	author           = {LaPolla,JS and Dlussky GM and Perrichot V},
	journal          = {Annual Review of Entomology},
	volume           = {58},
	pages            = {609-630},
	doi              = {10.1146/annurev-ento-120710-100600}
}


[7] @article{urbani1992internal,
  title={The internal phylogeny of ants (Hymenoptera: Formicidae)},
  author={Urbani, CB and Bolton, B and Ward, PS},
  journal={Systematic Entomology},
  volume={17},
  number={4},
  pages={301--329},
  year={1992},
  publisher={Wiley Online Library}
}

[8] @book{grimaldi1997new,
  title={New and rediscovered primitive ants (Hymenoptera: Formicidae) in Cretaceous amber from New Jersey, and their phylogenetic relationships},
  author={Grimaldi, D and Agosti, D and Carpenter, JM},
  year={1997},
  publisher={American Museum of Natural History}
}

[9] @article{brady2005morphological,
  title={Morphological phylogeny of army ants and other dorylomorphs (Hymenoptera: Formicidae)},
  author={Brady, SG and Ward, PS},
  journal={Systematic Entomology},
  volume={30},
  number={4},
  pages={593--618},
  year={2005},
  publisher={Wiley Online Library}
}

[10] @article{brady2006evaluating,
  title={Evaluating alternative hypotheses for the early evolution and diversification of ants},
  author={Brady, SG and Schultz, TR and Fisher, BL and Ward, PS},
  journal={Proceedings of the National Academy of Sciences},
  volume={103},
  number={48},
  pages={18172--18177},
  year={2006},
  publisher={National Acad Sciences}
}

[11] @article{moreau2006phylogeny,
  title={Phylogeny of the ants: diversification in the age of angiosperms},
  author={Moreau, CS and Bell, CD and Vila, R and Archibald, SB and Pierce, NE},
  journal={Science},
  volume={312},
  number={5770},
  pages={101--104},
  year={2006},
  publisher={American Association for the Advancement of Science}
}

[12] @article{moreau2013testing,
  title={Testing the museum versus cradle tropical biological diversity hypothesis: phylogeny, diversification, and ancestral biogeographic range evolution of the ants},
  author={Moreau, CS and Bell, CD},
  journal={Evolution},
  volume={67},
  number={8},
  pages={2240--2257},
  year={2013},
  publisher={Wiley Online Library}
}

[13]  @article{altschul1990basic,
  title={Basic local alignment search tool},
  author={Altschul, SF and Gish, W and Miller, W and Myers, EW and Lipman, DJ},
  journal={Journal of molecular biology},
  volume={215},
  number={3},
  pages={403--410},
  year={1990},
  publisher={Elsevier}
}
@article{ronquist2012total,
  title={A total-evidence approach to dating with fossils, applied to the early radiation of the Hymenoptera},
  author={Ronquist, F and Klopfstein, S and Vilhelmsen, Land Schulmeister, S and Murray, DL and Rasnitsyn, AP},
  journal={Systematic Biology},
  volume={61},
  number={6},
  pages={973--999},
  year={2012},
  publisher={Oxford University Press}
}
@article{pyron2011divergence,
  title={Divergence time estimation using fossils as terminal taxa and the origins of Lissamphibia},
  author={Pyron, RA},
  journal={Systematic Biology},
  pages={syr047},
  year={2011},
  publisher={Oxford University Press}
}
@article{baele2012improving,
  title={Improving the accuracy of demographic and molecular clock model comparison while accommodating phylogenetic uncertainty},
  author={Baele, G and Lemey, P and Bedford, T and Rambaut, A and Suchard, MA and Alekseyenko, AV},
  journal={{Mol Biol Evol}},
  volume={29},
  number={9},
  pages={2157--2167},
  year={2012},
  publisher={SMBE}
}
@article{perrichot2008fossil,
  title={Fossil evidence for the early ant evolution},
  author={Perrichot, V and Lacau, S and N{\'e}raudeau, D and Nel, A},
  journal={Naturwissenschaften},
  volume={95},
  number={2},
  pages={85--90},
  year={2008},
  publisher={Springer}
}

@article{perrichot2007fossil,
  title={New fossil ants in French Cretaceous amber (Hymenoptera: Formicidae)},
  author={Perrichot, V and Nel, A, N{\'e}raudeau, D, and Lacau, S and  Guyot, T},
  journal={Naturwissenschaften},
  volume={95},
  number={2},
  pages={91--97},
  year={2008},
  publisher={Springer}
}

@article{dlussky2009,
  title={Ants (Insecta: Vespida: Formicidae) in the upper Eocene amber of central and Eastern Europe},
  author={Dlussky, G and Rasnitsyn, A},
  journal={Paleontological Journal},
  volume={43},
  number={9},
  pages={1024-1042},
  year={2009},
  publisher={Springer}
}

@article{ward2014,
  title={The Phylogeny and Evolution of Ants},
  author={Ward, PS},
  journal={Annu. Rev. Ecol. Evol. Syst.},
  volume={43},
  pages={23-43},
  year={2014},
  publisher={Annual Reviews}
}

@article{Heath01032012,
author = {Heath, TA and Holder, MT and Huelsenbeck, JP}, 
title = {A Dirichlet Process Prior for Estimating Lineage-Specific Substitution Rates},
volume = {29}, 
number = {3}, 
pages = {939-955}, 
year = {2012}, 
 
journal = {Molecular Biology and Evolution} 
}
@article{Zhang22102015,
author = {Zhang, C and Stadler, T and Klopfstein, S and Heath, TA and Ronquist, F}, 
title = {Total-Evidence Dating under the Fossilized Birth-Death Process},
year = {2015}, 
doi = {10.1093/sysbio/syv080}, 
journal = {Systematic Biology} 
}

@article{Cook01082014,
author = {Cook, JA and Edwards, SV and Lacey, EA and Guralnick, RP and Soltis, PS and Soltis, DE and Welch, CK and Bell, KC and Galbreath KE and Himes, C and Allen, JM and Heath, TA and Carnaval, AC and Cooper, KL and Liu, M and Hanken, James and Ickert-Bond, S}, 
title = {Natural History Collections as Emerging Resources for Innovative Education},
volume = {64}, 
number = {8}, 
pages = {725-734}, 
year = {2014}, 

journal = {BioScience} 
}
@article{meirelles2015shared,
  title={Shared Escovopsis parasites between leaf-cutting and non-leaf-cutting ants in the higher attine fungus-growing ant symbiosis},
  author={Meirelles, LA and Solomon, SE and Bacci, M and Wright, AM and Mueller, UG and Rodrigues, A},
  journal={Royal Society Open Science},
  volume={2},
  number={9},
  pages={150257},
  year={2015},
  publisher={The Royal Society}
}
@article{wright2015came,
  title={Which came first: The lizard or the egg? Robustness in phylogenetic reconstruction of ancestral states},
  author={Wright, AM and Lyons, KM and Brandley, MC and Hillis, DM},
  journal={Journal of Experimental Zoology Part B: Molecular and Developmental Evolution},
  volume={324},
  number={6},
  pages={504--516},
  year={2015}
}

@article{wright2014bayesian,
  title={Bayesian analysis using a simple likelihood model outperforms parsimony for estimation of phylogeny from discrete morphological data},
  author={Wright, AM and Hillis, DM},
  year={2014}
}


